@ARTICLE{oceanone, 
author={O. Khatib and X. Yeh and G. Brantner and B. Soe and B. Kim and S. Ganguly and H. Stuart and S. Wang and M. Cutkosky and A. Edsinger and P. Mullins and M. Barham and C. R. Voolstra and K. N. Salama and M. L'Hour and V. Creuze}, 
journal={IEEE Robotics Automation Magazine}, 
title={Ocean One: A Robotic Avatar for Oceanic Discovery}, 
year={2016}, 
volume={23}, 
number={4}, 
pages={20-29}, 
keywords={autonomous underwater vehicles;avatars;mobile robots;Ocean One;ROV;archaeological sites;climate change;deep-sea trawling;historic secrets;human intelligence;human intention;immersive interface;natural resources;ocean floor;oceanic discovery;remotely operated vehicles;robotic avatar;skilled human access;underwater ecology;Avatars;Dynamics;Meteorology;Oceans;Robot kinematics;Robot sensing systems;Unmanned vehicles}, 
doi={10.1109/MRA.2016.2613281}, 
ISSN={1070-9932}, 
month={Dec},}

@article{Haus2017,
	title = {{Mathematical Modelling and Control of an Unmanned Aerial Vehicle with Moving Mass Control Concept}},
	year = {2017},
	journal = {Journal of Intelligent and Robotic Systems: Theory and Applications},
	author = {Haus, T. and Orsag, M. and Bogdan, S.},
	doi = {10.1007/s10846-017-0545-2},
	issn = {15730409},
	keywords = {Internal combustion engine, Moving mass, Root locus, UAV}
}




@INPROCEEDINGS{seacrab, 
author={W. Y. Jeong and S. Y. Yoo and H. W. Shim and J. Y. Park and B. H. Jun}, 
booktitle={OCEANS 2015 - MTS/IEEE Washington}, 
title={Waypoint tracking control of a multi-legged underwater robot crabster}, 
year={2015}, 
pages={1-5}, 
keywords={legged locomotion;marine systems;position control;CR200;KRISO;Korea Research Institute of Ships & Ocean Engineering;fixed target mode;forward heading mode;heading controller;multilegged underwater robot crabster;path segment selector;position controller;target locked crab gait mode;waypoint tracking control;Acoustics;Algorithm design and analysis;Cameras;Legged locomotion;Oceans;Trajectory;Crabster;legged robot;path tracking;underwater robot;waypoint}, 
doi={10.23919/OCEANS.2015.7404616}, 
month={Oct},}


@INPROCEEDINGS{crab1, 
author={B. Kim and S. W. Park and P. M. Lee and B. H. Jun}, 
booktitle={OCEANS 2011 IEEE - Spain}, 
title={Design of communication and video system for a multi-legged subsea robot}, 
year={2011}, 
pages={1-6}, 
keywords={data communication;input-output programs;legged locomotion;local area networks;marine systems;robot vision;sensors;turbidity;underwater vehicles;video cameras;video coding;Gigabit Ethernet network;H.264-MPEG-4 AVC format;I-O computer;MOERI-KORDI;analog camera;analog data transmission;communication design;compressed digital transmission;electronic interference;flying robot;magnetic interference;multilegged subsea robot technology;network camera;turbidity environment;video encoder;video system;walking robot;Cameras;Computers;Legged locomotion;Optical fibers;Streaming media;Transform coding}, 
doi={10.1109/Oceans-Spain.2011.6003500}, 
month={June},}


@INPROCEEDINGS{crab2, 
author={B. H. Jun and P. M. Lee and H. Baek and Y. K. Lim}, 
booktitle={OCEANS 2011 IEEE - Spain}, 
title={Approximated modeling of hydrodynamic forces acting on legs of underwater walking robot}, 
year={2011}, 
pages={1-6}, 
keywords={hydrodynamics;legged locomotion;robot dynamics;underwater vehicles;Crabster concept;L-E formulation;Scara robot;closed-form dynamic equations;drag torque;hydrodynamic force modelling;underwater legs;underwater walking robot;Drag;Joints;Legged locomotion;Manipulator dynamics;Robot kinematics;Torque}, 
doi={10.1109/Oceans-Spain.2011.6003571}, 
month={June},}



@article{crab3,
author = {Jung-Yup Kim and Bong-Huan Jun},
title = {Design of six-legged walking robot, Little Crabster for underwater walking and operation},
journal = {Advanced Robotics},
volume = {28},
number = {2},
pages = {77-89},
year  = {2014},
publisher = {Taylor & Francis},
doi = {10.1080/01691864.2013.856832},

URL = { 
        http://dx.doi.org/10.1080/01691864.2013.856832
    
},
eprint = { 
        http://dx.doi.org/10.1080/01691864.2013.856832
    
}

}



@misc{shokoACH,
	title = {Shoko-Ach},
	year = {2017},
	publisher = {GitHub},
	journal = {GitHub repository},
	howpublished = {\url{https://github.com/thedancomplex/shoko-ach}},
}

@misc{AquashokoGazebo,
	title = {AquaShoko-Gazebo},
	year = {2017},
	publisher = {GitHub},
	journal = {GitHub repository},
	howpublished = {\url{https://github.com/thedancomplex/AquaShoko-Gazebo}},
}