@INPROCEEDINGS{lofaro-2018-ieee-iros-hand-in-hand, 
author={[***InReview***] and K. Nishimura and M Bugajska, and D. Sofge and P. Oh and D. M. Lofaro}, 
booktitle={Intelligent Robots and Systems (IROS 2018), 2018 IEEE/RSJ International Conference on}, 
title={On Humanoid Co-Robot Locomotion when Mechanically Coupled to a Human Partner}, 
year={2018}, 
}


@INPROCEEDINGS{lofaro-2018-ieee-ur-aqua-shoko, 
author={[***InReview***] and A. Perez and M. Orsag and D. M. Lofaro}, 
booktitle={2018 15th IEEE International Conference on Ubiquitous Robots (UR) (formarally URAI)}, 
title={Underwater Legged Robot for Low-Signature, Underwater Exploration}, 
year={2018}, 
}



@INPROCEEDINGS{lofaro-2018-ieee-icca-lps, 
author={[***InReview***] and C. Taylor and C. Ward and D. Sofge and D. M. Lofaro}, 
booktitle={International Conference on Control and Automation (ICCA), 2018 IEEE/RSJ International Conference on}, 
title={Real-Time Relative Localization Using Ultra-Wideband Ranging}, 
year={2018}, 
}










@INPROCEEDINGS{lofaro-2018-ieee-icra-hand-in-hand, 
author={[***InReview***] and K. Nishimura and M Bugajska, and D. Sofge and P. Oh and D. M. Lofaro}, 
booktitle={2018 IEEE International Conference on Robotics and Automation (ICRA)}, 
title={On Humanoid Co-Robot Locomotion when Mechanically Coupled to a Human Partner}, 
year={2018}, 
month={May},}


@INPROCEEDINGS{lofaro-2018-ieee-icra-aqua-shoko, 
author={[***InReview***] and A. Perez and M. Orsag and D. M. Lofaro}, 
booktitle={2018 IEEE International Conference on Robotics and Automation (ICRA)}, 
title={Underwater Legged Robot for Low-Signature, Underwater Exploration}, 
year={2018}, 
month={May},}


@INPROCEEDINGS{lofaro-2018-ieee-icra-lps, 
author={[***InReview***] and C. Taylor and C. Ward and D. Sofge and D. M. Lofaro}, 
booktitle={2018 IEEE International Conference on Robotics and Automation (ICRA)}, 
title={Real-Time Relative Localization Using Ultra-Wideband Ranging}, 
year={2018}, 
month={May},}



@INPROCEEDINGS{lofaro-2018-ieee-ur-gaze, 
author={[***InReview***] and E. Wiese and P Weis and D. M. Lofaro}, 
booktitle={2018 15th IEEE International Conference on Ubiquitous Robots (UR) (formarally URAI)}, 
title={Embodied Social Robots Trigger Gaze Following in Real-Time HRI}, 
year={2018}, 
month={June},}



@INPROCEEDINGS{lofaro-2018-ieee-ur-maki, 
author={[***InReview***] and A. Perez and L. Currie and D. M. Lofaro}, 
booktitle={2018 15th IEEE International Conference on Ubiquitous Robots (UR) (formarally URAI)}, 
title={Making Maki: Review and Recommendations for the OpenSource 3D Printed Humanoid Robot}, 
year={2018}, 
month={June},}

@INPROCEEDINGS{lofaro-2018-ieee-aqua-shoko-actuators, 
author={[***InReview***] and A. Perez and D. M. Lofaro}, 
booktitle={2018 15th IEEE International Conference on Ubiquitous Robots (UR) (formarally URAI)}, 
title={Waterproofing Actuators}, 
year={2018}, 
month={June},}


@INPROCEEDINGS{lofaro-2018-ieee-ur-situational-awareness, 
author={[***InReview***] and D. M. Lofaro}, 
booktitle={2018 15th IEEE International Conference on Ubiquitous Robots (UR) (formarally URAI)}, 
title={Situational Awareness of Humanoid Robots}, 
year={2018}, 
month={June},}


@INPROCEEDINGS{lofaro-2018-ieee-amc-legacy-robots, 
author={D. M. Lofaro and C. Ward and M Bugajska and D. Sofge}, 
booktitle={15th International Workshop on Advanced Motion Control}, 
title={Extending the life of Legacy Robots: MDS-Ach, a Real-Time, Process Based, Networked, Secure Middleware based on the x-Ach Methodology}, 
year={2018}, 
month={March},}





@INPROCEEDINGS{lofaro-2017-acm-icmi-lps, 
author={D. Lofaro and C. Taylor and R. Tse and D. Sofge}, 
booktitle={19th ACM International Conference on Multimodal Interaction}, 
title={Wearable Interactive Display for the Local Positioning System (LPS)}, 
year={2017}, 
month={Nov},}





@INPROCEEDINGS{lofaro-2017-ieee-humanoids-hand-in-hand, 
author={D. Lofaro and K. Nishimura and M. Bugajska  and P. Oh and D. Sofge}, 
booktitle={2017 IEEE-RAS 17th International Conference on Humanoid Robots (Humanoids)}, 
title={Experimental Setup and Approach for Co-Robot Locomotion when Mechanically Coupled to a Human Partner}, 
year={2017}, 
month={Nov},}



@INPROCEEDINGS{lofaro-2017-ieee-humanoids-gaze, 
author={D. M. Lofaro and P Weis and E. Wiese}, 
booktitle={2017 IEEE-RAS 17th International Conference on Humanoid Robots (Humanoids)}, 
title={Experiments confirming gaze triggered effects in embodied social robots}, 
year={2017}, 
month={Nov},}








@INPROCEEDINGS{lofaro-2017-ieee-urai-smart-hive, 
author={D. M. Lofaro}, 
booktitle={2017 14th International Conference on Ubiquitous Robots and Ambient Intelligence (URAI)}, 
title={The Honey Bee Initiative - Smart hive}, 
year={2017}, 
pages={446-447}, 
keywords={Internet of Things;cloud computing;farming;George Mason Universities;Varroa Mite infestations;bee colonies;cloud computing;high-resolution data;honey bee initiative;moisture levels;smart hive;spacial data;temporal data;Agriculture;Cloud computing;Intelligent sensors;Monitoring;Prototypes;Security;IoT;Smart hive;bees}, 
doi={10.1109/URAI.2017.7992772}, 
month={June},}



@INPROCEEDINGS{lofaro-2017-urai-hotel-room-of-the-future, 
author={D. Lofaro}, 
booktitle={2017 14th International Conference on Ubiquitous Robots and Ambient Intelligence (URAI)}, 
title={Utilizing the Android Robot Controller for robots, wearable apps, and the Hotel Room of the Future}, 
year={2017}, 
pages={570-575}, 
keywords={Android (operating system);Internet of Things;application program interfaces;control engineering computing;control system synthesis;intelligent robots;service robots;API;ARC usability;Android robot controller design;IoT devices;consumer robotic hotel-room-of-the-future;human-in-the-loop applications;mobile devices;robot devices;wearable apps;wearable devices;wearable metronome;Androids;Gears;Humanoid robots;Real-time systems;Servers;Sockets;Cloud-robotics;Human in the loop;IoT;wearables}, 
doi={10.1109/URAI.2017.7992671}, 
month={June},}




@INPROCEEDINGS{lofaro-2016-ieee-urai-secure-robotics, 
author={D. M. Lofaro}, 
booktitle={2016 13th International Conference on Ubiquitous Robots and Ambient Intelligence (URAI)}, 
title={Secure robotics}, 
year={2016}, 
pages={311-313}, 
keywords={Internet of Things;cloud computing;control engineering computing;robots;security of data;Internet of Things;IoT;cloud robotics;secure robotics;Reliability;Robots;Surges;Cloud Robotics;Real-Time;Secure Robotics}, 
doi={10.1109/URAI.2016.7734049}, 
month={Aug},}




@INPROCEEDINGS{lofaro-cloud-bounty-real, 
author={[***IN-REVIEW***] and Wicke, D. and Ermo, Wei, and Lofaro, D.}, 
booktitle={Intelligent Robots and Systems (IROS 2016), 2016 IEEE/RSJ International Conference on}, 
title={Physical Implementation and Verification of Real-Time Cloud Control via the use of Bounty Hunting and Geographically Adjacent Server Configurations
}, 
year={2016}, 
}




@INPROCEEDINGS{lofaro-2016-ieee-icra-bounty-geo, 
author={D. M. Lofaro and A. Asokan}, 
booktitle={2016 IEEE International Conference on Robotics and Automation (ICRA)}, 
title={Low latency bounty hunting and geographically adjacent server configuration for real-time cloud control}, 
year={2016}, 
pages={5277-5282}, 
keywords={cloud computing;control engineering computing;geographic information systems;humanoid robots;real-time systems;bounty hunting cloud server architecture;frequency real-time controllers;geographically adjacent server configuration;humanoid robot;low latency bounty hunting;physical robot;physical robot hardware;real-time cloud control;robot weight;stability algorithms;Bandwidth;Cloud computing;Computer architecture;Legged locomotion;Real-time systems;Servers}, 
doi={10.1109/ICRA.2016.7487738}, 
month={May},}






@Article{lofaro-2016-springer-drc,
author={Phillips-Grafflin, Calder
and Suay, Halit Bener
and Mainprice, Jim
and Alunni, Nicholas
and Lofaro, Daniel
and Berenson, Dmitry
and Chernova, Sonia
and Lindeman, Robert W.
and Oh, Paul},
title={From Autonomy to Cooperative Traded Control of Humanoid Manipulation Tasks with Unreliable Communication},
journal={Journal of Intelligent {\&} Robotic Systems},
year={2016},
month={Jun},
day={01},
volume={82},
number={3},
pages={341--361},
issn={1573-0409},
doi={10.1007/s10846-015-0256-5},
}










@INPROCEEDINGS{lofaro-2015-ieee-humanoids-archr, 
author={D. M. Lofaro and M. Bula and P. Early and E. Eide and M. Javid}, 
booktitle={2015 IEEE-RAS 15th International Conference on Humanoid Robots (Humanoids)}, 
title={ARCHR - Apparatus for Remote Control of Humanoid Robots}, 
year={2015}, 
pages={229-236}, 
keywords={dexterous manipulators;haptic interfaces;humanoid robots;manipulator kinematics;robot vision;stereo image processing;telerobotics;virtual reality;ARCHR;Baxter;DRC-Hubo;MiniBot;apparatus for remote control of humanoid robots;binocular virtual reality system;dexterous task;haptic feedback;hardware self collision detection;high degree of freedom robots;immersive teleoperation system;intuitive teleoperation system;scaled robot kinematics;scaled stereoscopic video feed;situational awareness;tactile space;Collision avoidance;Haptic interfaces;Humanoid robots;Mobile robots;Robot kinematics;Robot sensing systems}, 
doi={10.1109/HUMANOIDS.2015.7363540}, 
month={Nov},}




@INPROCEEDINGS{lofaro-2015-ieee-humanoids-cloud-geo, 
author={Lofaro, D. and Asokan, A. and Roderik, E.}, 
booktitle={Humanoid Robots (Humanoids), 2015 15th IEEE-RAS International Conference on}, 
title={Feasibility of Cloud Enabled Humanoid Robots: Development of Low Latency Geographically Adjacent Real-Time Cloud Control}, 
year={2015}, 
month={Nov}, 
}

@INPROCEEDINGS{lofaro-2013-phd, 
author={Lofaro, D.}, 
booktitle={Ph.D. dissertation, Drexel University, College of Engineering, Electrical and Computer Engineering Department}, 
title={Unified Algorithmic Framework for High Degree of Freedom Complex Systems and Humanoid Robots}, 
year={2013}, 
month={May}, 
}



@INPROCEEDINGS{lofaro-2014-ieee-iros-hubo-in-a-browser, 
author={Hilton, W. and Lofaro, D.M. and Youngmoo Kim}, 
booktitle={Intelligent Robots and Systems (IROS 2014), 2014 IEEE/RSJ International Conference on}, 
title={A lightweight, cross-platform, multiuser robot visualization using the cloud}, 
year={2014}, 
pages={1570-1575}, 
keywords={cloud computing;control engineering computing;data visualisation;humanoid robots;mobile handsets;online front-ends;sensors;user interfaces;DOF robots;cloud robotics;cross-platform;degree of freedom robots;desktop devices;humanoid robot;mobile browser;mobile devices;mobile interface;multiuser robot visualization;private cloud;public cloud;rich 3D interface;robot orientation;robot pose;sensor data;standard Web technologies;user interfaces;Browsers;Cloud computing;Joints;Mobile handsets;Robot sensing systems;Servers}, 
doi={10.1109/IROS.2014.6942764}, 
month={Sept},}


@INPROCEEDINGS{lofaro-2013-ieee-tepra-multi-process-control, 
author={Grey, M.X. and Dantam, N. and Lofaro, D.M. and Bobick, A. and Egerstedt, M. and Oh, P. and Stilman, M.}, 
booktitle={Technologies for Practical Robot Applications (TePRA), 2013 IEEE International Conference on}, 
title={Multi-process control software for HUBO2 Plus robot}, 
year={2013}, 
pages={1-6}, 
keywords={control engineering computing;humanoid robots;software architecture;software reliability;HUBO2 plus robot;human-oriented environments;humanoid robot software development;humanoid robots;low-latency interprocess communication protocol;multiprocess control software;software architecture;software reliability;Hardware;Manipulators;Real-time systems;Reliability;Runtime;User interfaces}, 
doi={10.1109/TePRA.2013.6556374}, 
ISSN={2325-0526}, 
month={April},}



@INPROCEEDINGS{lofaro-2011-ieee-iros-music-beat-identification-noisy, 
author={Grunberg, D.K. and Lofaro, D.M. and Oh, P.Y. and Kim, Y.E.}, 
booktitle={Intelligent Robots and Systems (IROS), 2011 IEEE/RSJ International Conference on}, 
title={Robot audition and beat identification in noisy environments}, 
year={2011}, 
pages={2916-2921}, 
keywords={Acoustics;Microphones;Noise;Robot sensing systems;Spectrogram;Tracking}, 
doi={10.1109/IROS.2011.6094987}, 
ISSN={2153-0858}, 
month={Sept},}




@ARTICLE{lofaro-2015-ieee-ram-hubo-ach, 
author={Dantam, N.T. and Lofaro, D.M. and Hereid, A. and Oh, P.Y. and Ames, A.D. and Stilman, M.}, 
journal={Robotics Automation Magazine, IEEE}, 
title={The Ach Library: A New Framework for Real-Time Communication}, 
year={2015}, 
volume={22}, 
number={1}, 
pages={76-85}, 
keywords={control engineering computing;humanoid robots;software libraries;Ach library;IPC library;humanoid robot;interprocess communication library;multiprocess software design;real-time communication;Disasters;Emergency services;Mobile robots;Real-time systems;Safety;Software development}, 
doi={10.1109/MRA.2014.2356937}, 
ISSN={1070-9932}, 
}



@INPROCEEDINGS{lofaro-2012-ieee-humanoids-baseball, 
author={Lofaro, D.M. and Chunyang Sun and Oh, P.}, 
booktitle={Humanoid Robots (Humanoids), 2012 12th IEEE-RAS International Conference on}, 
title={Humanoid pitching at a Major League Baseball game: Challenges, approach, implementation and lessons learned}, 
year={2012}, 
pages={423-428}, 
keywords={end effectors;humanoid robots;interpolation;manipulator kinematics;motion control;reachability analysis;sport;trajectory control;Hubo series robot;Major League Baseball game;animation industry;ceremonial first pitch;end effector;full-size humanoid;fully automated approach;human throwing motion capture;humanoid pitching;interpolation method;jerk limiting;kinematic mapping;major league baseball game;motion capture system;sparse reachable map;trajectory key-frames;viable full body throwing trajectory;End effectors;Games;Joints;Kinematics;Sports equipment;Trajectory}, 
doi={10.1109/HUMANOIDS.2012.6651554}, 
ISSN={2164-0572}, 
month={Nov},}







@INPROCEEDINGS{lofaro-2012-ieee-urai-baseball, 
author={Lofaro, D.M. and Oh, P.}, 
booktitle={Ubiquitous Robots and Ambient Intelligence (URAI), 2012 9th International Conference on}, 
title={Humanoid throws inaugural pitch at Major League Baseball game: Challenges, approach, implementation and lessons learned}, 
year={2012}, 
pages={153-157}, 
keywords={end effectors;humanoid robots;interpolation;motion control;robot kinematics;sport;trajectory control;Hubo series robot;animation industry;end effector;full body throwing trajectory;full-size humanoid;human throwing motion;inaugural pitch;interpolation methods;kinematic mapping;major league baseball game;motion capture system;sparse reachable map;Humans;Joints;Kinematics;Robot kinematics;Sports equipment;Trajectory}, 
doi={10.1109/URAI.2012.6462956}, 
month={Nov},}







@INPROCEEDINGS{lofaro-2014-ieee-iros-autonomy, 
author={Mainprice, J. and Phillips-Grafflin, C. and Suay, H.B. and Alunni, N. and Lofaro, D. and Berenson, D. and Chernova, S. and Lindeman, R.W. and Oh, P.}, 
booktitle={Intelligent Robots and Systems (IROS 2014), 2014 IEEE/RSJ International Conference on}, 
title={From autonomy to cooperative traded control of humanoid manipulation tasks with unreliable communication: System design and lessons learned}, 
year={2014}, 
pages={3767-3774}, 
keywords={control engineering computing;cooperative systems;end effectors;humanoid robots;motion control;telerobotics;trajectory control;DARPA robotics challenge;DRC;Internet;cooperative traded control;data link;end-effector pose constraints;humanoid manipulation tasks;remote humanoid robot;software framework;statically-stable motion trajectory;system design;teleoperation task;unreliable communication link;valve turning task;Legged locomotion;Planning;Robot sensing systems;Three-dimensional displays;Trajectory;Valves}, 
doi={10.1109/IROS.2014.6943091}, 
month={Sept},}





@INPROCEEDINGS{lofaro-openhubo,
    crossref = "lofaro-2012-iros-srm"
}

@INPROCEEDINGS{lofaro-srm,
    crossref = "lofaro-2012-iros-srm"
}

@INPROCEEDINGS{lofaro-2012-ieee-iros-srm,
author={Lofaro, D.M. and Ellenberg, R. and Oh, P. and Oh, J.}, 
booktitle={Intelligent Robots and Systems (IROS), 2012 IEEE/RSJ International Conference on}, 
title={Humanoid throwing: Design of collision-free trajectories with sparse reachable maps}, 
year={2012}, 
pages={1519-1524}, 
keywords={Jacobian matrices;collision avoidance;dexterous manipulators;end effectors;humanoid robots;manipulator kinematics;position control;sampling methods;sparse matrices;velocity control;Jacobian transpose controller method;collision-free trajectory design;degree-of-freedom position controlled-high-gain robots;end-effector velocity control;end-effector velocity direction;end-effector velocity magnitude;forward kinematics;humanoid Jaemi Hubo robot;inverse kinematics;joint space;object throwing;random sampling;reachable end-effector position sparse map;robot collision model;self-collision detection;sparse reachable maps;Acceleration;Aerospace electronics;Collision avoidance;Joints;Kinematics;Robots;Trajectory}, 
doi={10.1109/IROS.2012.6385987}, 
ISSN={2153-0858}, 
month={Oct},}






@INPROCEEDINGS{lofaro-2012-ieee-iccas-convex-hull, 
author={Lynch, K. and Lofaro, D.M. and Oh, P.}, 
booktitle={Control, Automation and Systems (ICCAS), 2012 12th International Conference on}, 
title={A n-dimensional convex hull approach for fault detection and mitigation for high degree of freedom robots humanoid robots}, 
year={2012}, 
pages={790-797}, 
keywords={fault diagnosis;fault tolerance;humanoid robots;legged locomotion;self-adjusting systems;state estimation;Hubo robot;autonomic computing tool;error state determination;error state diagnosis;fault detection;fault mapping;fault mitigation;high degree of freedom robot;humanoid robot;mitigation selection;n-dimensional convex hull approach;n-dimensional geometric enclosure;periodic measurement;robot normal operating state;safe operating state;Actuators;Biomedical monitoring;Humanoid robots;Monitoring;Software;Error Mitigation;Fault Detection;Humanoid Robotics;n-dimensional Convex Hull}, 
month={Oct},}





@INPROCEEDINGS{lofaro-2014-ieee-icra-drc-high-dof, 
author={Alunni, N. and Bener Suay, H. and Phillips-Grafflin, C. and Mainprice, J. and Berenson, D. and Chernova, S. and Lindeman, R.W. and Lofaro, D. and Oh, P.}, 
booktitle={Robotics and Automation (ICRA), 2014 IEEE International Conference on}, 
title={DARPA Robotics Challenge: Towards a user-guided manipulation framework for high-DOF robots}, 
year={2014}, 
pages={2088-2088}, 
keywords={end effectors;telerobotics;DARPA robotics challenge;DRCHubo robots;Hubo2+ robots;PR2 robots;dual arm manipulation task;end-effector;high degree-of-freedom robots;high-DOF robot supervision;high-DOF robot teleoperation;single arm manipulation task;user-guided manipulation framework;valve turning task;Conferences;Educational institutions;Graphical user interfaces;Planning;Robot sensing systems;Three-dimensional displays}, 
doi={10.1109/ICRA.2014.6907141}, 
month={May},}






@INPROCEEDINGS{lofaro-2013-ieee-tepra-user-guided-high-dof, 
author={Alunni, N. and Phillips-Grafftin, C. and Suay, H.B. and Lofaro, D. and Berenson, D. and Chernova, S. and Lindeman, R.W. and Oh, P.}, 
booktitle={Technologies for Practical Robot Applications (TePRA), 2013 IEEE International Conference on}, 
title={Toward a user-guided manipulation framework for high-DOF robots with limited communication}, 
year={2013}, 
pages={1-6}, 
keywords={control engineering computing;graphical user interfaces;human-robot interaction;humanoid robots;mobile robots;path planning;valves;DARPA Robotics Challenge;DRC;PR2 robot valve turning;autonomous robot motion generation;error detection;high-DOF robots;high-degree-of-freedom robots;limited-communication environments;planning algorithms;qualitative experiments;quantitative experiments;task level commands;trajectory execution-and-monitoring system;user-guided manipulation framework;user-guided perception interface;Graphical user interfaces;Humanoid robots;Planning;Robot sensing systems;Trajectory}, 
doi={10.1109/TePRA.2013.6556356}, 
ISSN={2325-0526}, 
month={April},}






@INPROCEEDINGS{lofaro-2010-ieee-humanoids-visual-beat-tracking, 
author={Lofaro, D.M. and Oh, P. and JunHo Oh and Youngmoo Kim}, 
booktitle={Humanoid Robots (Humanoids), 2010 10th IEEE-RAS International Conference on}, 
title={Interactive musical participation with humanoid robots through the use of novel musical tempo and beat tracking techniques in the absence of auditory cues}, 
year={2010}, 
pages={436-441}, 
keywords={audio signal processing;auditory displays;fast Fourier transforms;humanoid robots;interactive systems;music;robot vision;Jaemi Hubo;beat tracking;computer vision;digital signal processing;fast Fourier transform;humanoid robot;interactive musical participation;live musical performance;motion data;musical tempo tracking;optic flow algorithm;Feeds;Humanoid robots;Indexes;Integrated optics;Streaming media;Timing}, 
doi={10.1109/ICHR.2010.5686847}, 
month={Dec},}




@INPROCEEDINGS{lofaro-2011-cts-musical-interaction, 
author={Kim, Y.E. and Grunberg, D.K. and Batula, A.M. and Lofaro, D.M. and JunHo Oh and Oh, P.Y.}, 
booktitle={Collaboration Technologies and Systems (CTS), 2011 International Conference on}, 
title={Enabling humanoid musical interaction and performance}, 
year={2011}, 
pages={212-215}, 
keywords={human-robot interaction;humanoid robots;intelligent robots;mobile robots;music;Hubo;Korean Advanced Institute of Science and Technology;adult sized humanoid robot;human-robot interaction;humanoid musical interaction;miniature humanoid robot;musical awareness;visual information;Humans;Instruments;Music;Robot sensing systems;Tracking;Visualization;Dance;music;piano;robot audition}, 
doi={10.1109/CTS.2011.5928689}, 
month={May},}





@INPROCEEDINGS{lofaro-2009-springer-lego,
author={Lofaro, Daniel M. and Le, Tony Truong Giang and Oh, Paul},
title={Mechatronics Education: From Paper Design to Product Prototype Using LEGO NXT Parts},
booktitle={Progress in Robotics: FIRA RoboWorld Congress 2009, Incheon, Korea, August 16-20, 2009. Proceedings},
year={2009},
publisher={Springer Berlin Heidelberg},
address={Berlin, Heidelberg},
pages={232-239},
isbn={978-3-642-03986-7},
}

@INPROCEEDINGS{lofaro-2008-masters,
  title={Control Design to Reduce the Effects of Torsional Resonance in Coupled Systems},
  booktitle={Ph.D. dissertation, Drexel University, College of Engineering, Electrical and Computer Engineering Department},
  author={Lofaro, Daniel M},
  year={2008},
  month={May}, 
}


