@misc{ode:2008,
  added-at = {2009-06-26T15:25:19.000+0200},
  author = {Smith, Russell},
  biburl = {https://www.bibsonomy.org/bibtex/255a15eaa9b345a9d1071f5184b324b05/butz},
  description = {diverse cognitive systems bib},
  interhash = {8d36e238881c3704e2fb429a63cc8638},
  intrahash = {55a15eaa9b345a9d1071f5184b324b05},
  keywords = {imported},
  note = {http://www.ode.org/},
  owner = {butz},
  timestamp = {2009-06-26T15:25:56.000+0200},
  title = {Open Dynamics Engine},
  url = {http://www.ode.org/},
  year = 2008
}

@inproceedings{gazebo,
  author = "Nathan Koenig and Andrew Howard",
  title = "Design and Use Paradigms for Gazebo, An Open-Source Multi-Robot Simulator",
  booktitle = "IEEE/RSJ International Conference on Intelligent Robots and Systems",
  pages = "2149-2154",
  address = "Sendai, Japan",
  month = "Sep",
  year = "2004",
}



@article{jacobianIK,
  title={Introduction to inverse kinematics with jacobian transpose, pseudoinverse and damped least squares methods},
  author={Buss, Samuel R}
}


@conference {ros,
	title = {ROS: an open-source Robot Operating System},
	booktitle = {ICRA Workshop on Open Source Software},
	year = {2009},
	author = {Morgan Quigley and Ken Conley and Brian P. Gerkey and Josh Faust and Tully Foote and Jeremy Leibs and Rob Wheeler and Andrew Y. Ng}
}


@article{yarp,
  added-at = {2007-05-05T21:46:40.000+0200},
  author = {Metta, G. and Fitzpatrick, P. and Natale, L.},
  biburl = {https://www.bibsonomy.org/bibtex/2f0bb53290115f13f411351a3ec17dfd6/bernuly},
  interhash = {6bfa3b44b8aeaf82e1f6b97679f77ad9},
  intrahash = {f0bb53290115f13f411351a3ec17dfd6},
  journal = {International Journal of Advanced Robotics Systems, special issue on Software Development and Integration in Robotics},
  keywords = {imported},
  number = 1,
  timestamp = {2007-05-05T21:46:40.000+0200},
  title = {YARP: Yet Another Robot Platform},
  volume = 3,
  year = 2006
}

@inproceedings{openrdk,
	Author = {D. Calisi and A. Censi and L. Iocchi and D. Nardi},
	Booktitle = {Proceedings of Int. Workshop on System and Concurrent Engineering for Space Applications ({SECESA})},
	Month = nov,
	Pdf = {http://www.dis.uniroma1.it/\~calisi/papers/nardi08secesa.pdf},
	Tags = {openrdk},
	Title = {Open{RDK}: a framework for rapid and concurrent software prototyping},
	Year = {2008}}


@INPROCEEDINGS{player,
    author = {Toby H. J. Collett and Bruce A. Macdonald},
    title = {Player 2.0: Toward a practical robot programming framework},
    booktitle = {in Proc. of the Australasian Conference on Robotics and Automation (ACRA},
    year = {2005}
}


@article{marie,

  author = {Côté, Carle and Brosseau, Yannick and Létourneau, Dominic and Raïevsky, Clément and Michaud, François},
  journal = {International Journal of Advanced Robotic Systems},
  keywords = {Robotic},
  month = {March},
  number = 1,
  pages = {055-060},
  timestamp = {2007-07-30T11:21:24.000+0200},
  title = {Robotic Software Integration Using MARIE},
  url = {http://www.ars-journal.com/International-Journal-of-Advanced-Robotic-Systems/Volume-3/055-060.pdf},
  volume = 3,
  year = 2006
}


@INPROCEEDINGS{orca,
    author = {Alexei Makarenko and Alex Brooks},
    title = {Orca: Components for robotics},
    booktitle = {In 2006 IEEE/RSJ International Conference on Intelligent Robots and Systems (IROS’06},
    year = {2006}
}


@article{openrtm,

    author = {Ando, N. and Suehiro, T. and Kitagaki, K. and Kotoku, T. and Yoon, Woo-Keun},
    booktitle = {Computational Intelligence in Robotics and Automation, 2005. CIRA 2005. Proceedings. 2005 IEEE International Symposium on},
    month = jun,
    pages = {457--462},
    publisher = {IEEE},
    title = {{RT-Component Object Model in RT-Middleware Distributed Component Middleware for RT (Robot Technology)}},
    year = {2005}
}







@inproceedings{mds,
  author    = {Cynthia Breazeal and
               Michael Siegel and
               Matt Berlin and
               Jesse Gray and
               Roderic A. Grupen and
               Patrick Deegan and
               Jeff Weber and
               Kailas Narendran and
               John McBean},
  title     = {Mobile, dexterous, social robots for mobile manipulation and human-robot
               interaction},
  booktitle = {International Conference on Computer Graphics and Interactive Techniques,
               {SIGGRAPH} 2008, Los Angeles, California, August 11-15, 2008, New
               Tech Demos Proceedings},
  pages     = {27},
  year      = {2008},
  crossref  = {DBLP:conf/siggraph/2008demos},
  url       = {http://doi.acm.org/10.1145/1401615.1401642},
  doi       = {10.1145/1401615.1401642},
  timestamp = {Mon, 08 Dec 2008 13:39:55 +0100},
  biburl    = {http://dblp2.uni-trier.de/rec/bib/conf/siggraph/BreazealSBGGDWNM08},
  bibsource = {dblp computer science bibliography, http://dblp.org}
}

@proceedings{DBLP:conf/siggraph/2008demos,
  title     = {International Conference on Computer Graphics and Interactive Techniques,
               {SIGGRAPH} 2008, Los Angeles, California, August 11-15, 2008, New
               Tech Demos Proceedings},
  publisher = {{ACM}},
  year      = {2008},
  timestamp = {Mon, 08 Dec 2008 13:13:14 +0100},
  biburl    = {http://dblp2.uni-trier.de/rec/bib/conf/siggraph/2008demos},
  bibsource = {dblp computer science bibliography, http://dblp.org}
}







@article{jaus,
  title={An introduction to the joint architecture for unmanned systems (JAUS)},
  author={Rowe, Steve and Wagner, Christopher R},
  journal={Ann Arbor},
  volume={1001},
  pages={48108},
  publisher={Citeseer}
}


@inproceedings{ros2,
 author = {Maruyama, Yuya and Kato, Shinpei and Azumi, Takuya},
 title = {Exploring the Performance of ROS2},
 booktitle = {Proceedings of the 13th International Conference on Embedded Software},
 series = {EMSOFT '16},
 year = {2016},
 isbn = {978-1-4503-4485-2},
 location = {Pittsburgh, Pennsylvania},
 pages = {5:1--5:10},
 articleno = {5},
 numpages = {10},
 url = {http://doi.acm.org/10.1145/2968478.2968502},
 doi = {10.1145/2968478.2968502},
 acmid = {2968502},
 publisher = {ACM},
 address = {New York, NY, USA},
 keywords = {data distribution service, embedded, publish/subscribe, quality of service, real-time, robot operating system},
} 



@inproceedings{preemptrt,
    author = {Brown, Jeremy and Martin, Bradly},
    booktitle = {Twelfth Real-Time Linux Workshop on October 25 to 27, in Nairobi, Kenya},
    title = {{How fast is fast enough? Choosing between Xenomai and Linux for real-time applications}},

    year = {2010}
}



